arXiv:1812.04948v3 [cs.NE] 29 Mar 2019

@misc{huang2017arbitrary,
      title={Arbitrary Style Transfer in Real-time with Adaptive Instance Normalization}, 
      author={Xun Huang and Serge Belongie},
      year={2017},
      eprint={1703.06868},
      archivePrefix={arXiv},
      primaryClass={cs.CV}
}

@misc{karras2019stylebased,
      title={A Style-Based Generator Architecture for Generative Adversarial Networks}, 
      author={Tero Karras and Samuli Laine and Timo Aila},
      year={2019},
      eprint={1812.04948},
      archivePrefix={arXiv},
      primaryClass={cs.NE}
}

@article{shen2020interfacegan,
  title={InterFaceGAN: Interpreting the Disentangled Face Representation Learned by GANs},
  author={Shen, Yujun and Yang, Ceyuan and Tang, Xiaoou and Zhou, Bolei},
  journal={arXiv preprint arXiv:2005.09635v2 [cs.CV]},
  year={2020},
  eprint={2005.09635v2},
  archivePrefix={arXiv},
  primaryClass={cs.CV},
  month={Oct},
  day={29}
}

@article{harkonen2020ganspace,
  title={GANSpace: Discovering Interpretable GAN Controls},
  author={H{\"a}rk{\"o}nen, Erik and Hertzmann, Aaron and Lehtinen, Jaakko and Paris, Sylvain},
  journal={arXiv preprint arXiv:2004.02546v3 [cs.CV]},
  year={2020},
  eprint={2004.02546v3},
  archivePrefix={arXiv},
  primaryClass={cs.CV}
}

@article{chandran2022adaptive,
  title={Adaptive Convolutions for Structure-Aware Style Transfer},
  author={Chandran, Prashanth and Zoss, Gaspard and Gotardo, Paulo and Gross, Markus and Bradley, Derek},
  journal={arXiv preprint arXiv:xxxx.xxxxx [cs.XX]},
  year={2022},
  eprint={xxxx.xxxxx},
  archivePrefix={arXiv},
  primaryClass={cs.XX},
  institution={DisneyResearch|Studios, Zurich and Department of Computer Science, ETH Zurich},
  email={chandrap, gaspard.zoss, grossm@inf.ethz.ch, paulo.gotardo, derek.bradley@disneyresearch.com}
}
